@misc{Property49:online,
author = {City of Boston},
title = {Property Assessment - Datasets - Analyze Boston},
howpublished = {\url{https://data.boston.gov/dataset/property-assessment}},
month = {},
year = {},
note = {(Accessed on 10/26/2017)}
}
@misc{ZillowRe12:online,
author = {Zillow Inc.},
title = {Zillow: Real Estate, Apartments, Mortgages \& Home Values},
howpublished = {\url{https://www.zillow.com/}},
month = {},
year = {},
note = {(Accessed on 10/26/2017)}
}
@misc{TruliaRe98:online,
author = {Trulia Inc.},
title = {Trulia: Real Estate Listings, Homes For Sale, Housing Data},
howpublished = {\url{https://www.trulia.com/}},
month = {},
year = {},
note = {(Accessed on 10/26/2017)}
}
@misc{OpenAddr24:online,
author = {OpenAddresses},
title = {OpenAddresses},
howpublished = {\url{https://openaddresses.io/}},
month = {},
year = {},
note = {(Accessed on 12/09/2017)}
}
@misc{ZillowNe81:online,
author = {Zillow},
title = {Zillow Neighborhood Boundaries},
howpublished = {\url{https://www.zillow.com/howto/api/neighborhood-boundaries.htm}},
month = {},
year = {},
note = {(Accessed on 12/09/2017)}
}
@misc{GettingS89:online,
author = {Google},
title = {Google Maps Geocoding API},
howpublished = {\url{https://developers.google.com/maps/documentation/geocoding/start}},
month = {},
year = {},
note = {(Accessed on 12/09/2017)}
}