@misc{Property49:online,
author = {City of Boston},
title = {Property Assessment - Datasets - Analyze Boston},
howpublished = {\url{https://data.boston.gov/dataset/property-assessment}},
month = {},
year = {},
note = {(Accessed on 10/26/2017)}
}