@misc{Property49:online,
author = {City of Boston},
title = {Property Assessment - Datasets - Analyze Boston},
howpublished = {\url{https://data.boston.gov/dataset/property-assessment}},
month = {},
year = {},
note = {(Accessed on 10/26/2017)}
}
@misc{ZillowRe12:online,
author = {Zillow Inc.},
title = {Zillow: Real Estate, Apartments, Mortgages \& Home Values},
howpublished = {\url{https://www.zillow.com/}},
month = {},
year = {},
note = {(Accessed on 10/26/2017)}
}
@misc{TruliaRe98:online,
author = {Trulia Inc.},
title = {Trulia: Real Estate Listings, Homes For Sale, Housing Data},
howpublished = {\url{https://www.trulia.com/}},
month = {},
year = {},
note = {(Accessed on 10/26/2017)}
}